<?xml version="1.0" encoding="UTF-8"?><collection xmlns="http://www.loc.gov/MARC21/slim"><record><leader>00387nam--2200133-i-4500</leader><controlfield tag="001">000049871</controlfield><controlfield tag="002">20161230</controlfield><controlfield tag="005">20161230201047</controlfield><controlfield tag="008">060222s1000------------r-----000-0-eng-d</controlfield><datafield ind1=" " ind2=" " tag="080"><subfield code="a">546.65:538.955:620.179.15</subfield></datafield><datafield ind1=" " ind2=" " tag="100"><subfield code="a">Baazov,N.G. I Mandzhavidze,A.G</subfield></datafield><datafield ind1=" " ind2=" " tag="245"><subfield code="a">Issledovanie redkozemelhyh magnetikov neitronnymi metodami</subfield></datafield><datafield ind1=" " ind2=" " tag="260"><subfield code="a">Tbilisi, Izd.Mecniereba, 1983. 96 S</subfield></datafield><datafield ind1=" " ind2=" " tag="852"><subfield code="a">71424</subfield></datafield></record></collection>